@article{ndifon2011new,
  title={New methods for analyzing serological data with applications to influenza surveillance},
  author={Ndifon, Wilfred},
  journal={Influenza and other respiratory viruses},
  volume={5},
  number={3},
  pages={206--212},
  year={2011},
  publisher={Wiley Online Library}
}

@article{bedford2014integrating,
  title={Integrating influenza antigenic dynamics with molecular evolution},
  author={Bedford, Trevor and Suchard, Marc A and Lemey, Philippe and Dudas, Gytis and Gregory, Victoria and Hay, Alan J and McCauley, John W and Russell, Colin A and Smith, Derek J and Rambaut, Andrew},
  journal={Elife},
  volume={3},
  pages={e01914},
  year={2014},
  publisher={eLife Sciences Publications Limited}
}

@article{burkner2017brms,
  title={brms: {An} {R} package for {Bayesian} multilevel models using {Stan}},
  author={B{\"u}rkner, Paul-Christian and others},
  journal={Journal of Statistical Software},
  volume={80},
  number={1},
  pages={1--28},
  year={2017},
  publisher={Foundation for Open Access Statistics}
}

@article{carpenter2017stan,
  title={Stan: {A} probabilistic programming language},
  author={Carpenter, Bob and Gelman, Andrew and Hoffman, Matthew D and Lee, Daniel and Goodrich, Ben and Betancourt, Michael and Brubaker, Marcus and Guo, Jiqiang and Li, Peter and Riddell, Allen},
  journal={Journal of statistical software},
  volume={76},
  number={1},
  year={2017},
  publisher={Columbia Univ., New York, NY (United States); Harvard Univ., Cambridge, MA~â€¦}
}

@article{li2013single,
  title={Single hemagglutinin mutations that alter both antigenicity and receptor binding avidity influence influenza virus antigenic clustering},
  author={Li, Yang and Bostick, David L and Sullivan, Colleen B and Myers, Jaclyn L and Griesemer, Sara B and StGeorge, Kirsten and Plotkin, Joshua B and Hensley, Scott E},
  journal={Journal of virology},
  volume={87},
  number={17},
  pages={9904--9910},
  year={2013},
  publisher={Am Soc Microbiol}
}

@article{hensley2009hemagglutinin,
  title={Hemagglutinin receptor binding avidity drives influenza {A} virus antigenic drift},
  author={Hensley, Scott E and Das, Suman R and Bailey, Adam L and Schmidt, Loren M and Hickman, Heather D and Jayaraman, Akila and Viswanathan, Karthik and Raman, Rahul and Sasisekharan, Ram and Bennink, Jack R and others},
  journal={Science},
  volume={326},
  number={5953},
  pages={734--736},
  year={2009},
  publisher={American Association for the Advancement of Science}
}

@article{harvey2016identification,
  title={Identification of low-and high-impact hemagglutinin amino acid substitutions that drive antigenic drift of influenza {A (H1N1)} viruses},
  author={Harvey, William T and Benton, Donald J and Gregory, Victoria and Hall, James PJ and Daniels, Rodney S and Bedford, Trevor and Haydon, Daniel T and Hay, Alan J and McCauley, John W and Reeve, Richard},
  journal={PLoS pathogens},
  volume={12},
  number={4},
  pages={e1005526},
  year={2016},
  publisher={Public Library of Science}
}

@article{adabor2018bayesian,
  title={Bayesian inference of antigenic and non-antigenic variables from haemagglutination inhibition assays for influenza surveillance},
  author={Adabor, Emmanuel S and Ndifon, Wilfred},
  journal={Royal Society open science},
  volume={5},
  number={7},
  pages={180113},
  year={2018},
  publisher={The Royal Society Publishing}
}

@article{reeve2010sequence,
  title={Sequence-based prediction for vaccine strain selection and identification of antigenic variability in foot-and-mouth disease virus},
  author={Reeve, Richard and Blignaut, Belinda and Esterhuysen, Jan J and Opperman, Pamela and Matthews, Louise and Fry, Elizabeth E and De Beer, Tjaart AP and Theron, Jacques and Rieder, Elizabeth and Vosloo, Wilna and others},
  journal={PLoS computational biology},
  volume={6},
  number={12},
  pages={e1001027},
  year={2010},
  publisher={Public Library of Science}
}